
@inproceedings{kronberger2019identification,
  title={Identification of dynamical systems using symbolic regression},
  author={Kronberger, Gabriel and Kammerer, Lukas and Kommenda, Michael},
  booktitle={International Conference on Computer Aided Systems Theory},
  pages={370--377},
  year={2019},
  organization={Springer}
}

